@book{stix1992waves,
  title={Waves in plasmas},
  author={Stix, Thomas H},
  year={1992},
  publisher={Springer Science \& Business Media}
}

@book{bellan2008fundamentals,
  title={Fundamentals of {P}lasma {P}hysics},
  author={Bellan, Paul M},
  year={2008},
  publisher={Cambridge University Press}
}

@article{anderson2001tutorial,
  title={A tutorial presentation of the two stream instability and Landau damping},
  author={Anderson, D and Fedele, R and Lisak, M},
  journal={American Journal of Physics},
  volume={69},
  number={12},
  pages={1262--1266},
  year={2001},
  publisher={AAPT}
}

@misc{krall1973principles,
  title={Principles of {P}lasma {P}hysics.},
  author={Krall, NA and Trivelpiece, AW},
  year={1973},
  publisher={McGraw-Hill New York}
}

@book{higheralgebra,
  title={Higher algebra},
  author={Kurosh, Aleksandr Gennadievich},
  year={1972},
  publisher={Mir Publishers}
}
